Automatically generated by Mendeley Desktop 1.14
Any changes to this file will be lost if it is regenerated by Mendeley.

BibTeX export options can be customized via Options -> BibTeX in Mendeley Desktop

@article{Fortet1987a,
author = {Fortet, R.},
doi = {10.1016/0377-2217(87)90203-7},
file = {:C$\backslash$:/Users/Agrawal/work/workspace/literature/phd-collection/random-signals-kalman-filtering-ch1.pdf:pdf},
isbn = {9780470609699},
issn = {03772217},
journal = {European Journal of Operational Research},
number = {1},
pages = {115},
title = {{Probability and Random Variables}},
volume = {29},
year = {1987}
}
